<record xmlns:xsi="http://www.w3.org/2001/XMLSchema-instance" xmlns="http://www.loc.gov/MARC21/slim" xsi:schemaLocation="http://www.loc.gov/MARC21/slim http://www.loc.gov/standards/marcxml/schema/MARC21slim.xsd">

  <leader>00989nam a2200205   4500</leader>
  <controlfield tag="008">160620b2014    cr a|||| |||| 00| | spa d</controlfield>
  <datafield tag="090" ind2=" " ind1=" ">
    <subfield code="a">06.03.07</subfield>
    <subfield code="b"> 1482 </subfield>
  </datafield>
  <datafield ind1="1" ind2=" " tag="100">
    <subfield code="9">1854</subfield>
    <subfield code="a">Valenciano Canet, Grettel</subfield>
  </datafield>
  <datafield ind2="4" ind1="1" tag="245">
    <subfield code="a">Las necesidades de formación continua de las personas graduadas de la carrera de Orientación de la Universidad de Costa Rica y el apoyo que puede brindar la gestión educativa / </subfield>
    <subfield code="c">Grettel Valenciano Canet</subfield>
  </datafield>
  <datafield ind1=" " ind2=" " tag="260">
    <subfield code="a">San José, Costa Rica : </subfield>
    <subfield code="b">Escuela de Administración Educativa, Universidad de Costa Rica,</subfield>
    <subfield code="c">2014</subfield>
  </datafield>
  <datafield ind1=" " ind2=" " tag="300">
    <subfield code="a">29 páginas; </subfield>
    <subfield code="b">ilustraciones</subfield>
  </datafield>
  <datafield ind2=" " ind1=" " tag="500">
    <subfield code="a">Publicado en Revista Electrónica Gestión de la Educación Vol.4(2) julio-diciembre, 2014</subfield>
  </datafield>
  <datafield ind2="4" ind1="2" tag="610">
    <subfield code="9">714</subfield>
    <subfield code="a">UNIVERSIDAD DE COSTA RICA</subfield>
  </datafield>
  <datafield tag="650" ind1="1" ind2="4">
    <subfield code="9">498</subfield>
    <subfield code="a">FORMACIÓN PROFESIONAL</subfield>
  </datafield>
  <datafield ind2="4" ind1="1" tag="650">
    <subfield code="9">1520</subfield>
    <subfield code="a">EDUCACIÓN PERMANENTE</subfield>
  </datafield>
  <datafield ind1="1" ind2="4" tag="650">
    <subfield code="9">1483</subfield>
    <subfield code="a">ORIENTACIÓN PEDAGÓGICA</subfield>
  </datafield>
  <datafield tag="650" ind2="4" ind1="1">
    <subfield code="9">779</subfield>
    <subfield code="a">GRADUADOS</subfield>
  </datafield>
  <datafield tag="856" ind1=" " ind2=" ">
    <subfield code="d">http://revistas.ucr.ac.cr/index.php/gestedu/article/view/15143</subfield>
  </datafield>
  <datafield ind2=" " ind1=" " tag="942">
    <subfield code="2">z</subfield>
    <subfield code="c">05</subfield>
  </datafield>
  <datafield tag="999" ind2=" " ind1=" ">
    <subfield code="c">3263</subfield>
    <subfield code="d">3263</subfield>
  </datafield>
</record>